%% This BibTeX bibliography file was created using BibDesk.
%% https://bibdesk.sourceforge.io/

%% Created for Sean Griffin at 2020-11-23 22:14:33 -0800 


%% Saved with string encoding Unicode (UTF-8) 



@article {Precup-AffinePavings,
    AUTHOR = {Precup, Martha},
     TITLE = {Affine pavings of {H}essenberg varieties for semisimple
              groups},
   JOURNAL = {Selecta Math. (N.S.)},
  FJOURNAL = {Selecta Mathematica. New Series},
    VOLUME = {19},
      YEAR = {2013},
    NUMBER = {4},
     PAGES = {903--922},
      ISSN = {1022-1824},
   MRCLASS = {14L35 (14F25 14M15 17B08)},
  MRNUMBER = {3131491},
MRREVIEWER = {Nicolas Perrin},
       DOI = {10.1007/s00029-012-0109-z},
       URL = {https://doi.org/10.1007/s00029-012-0109-z},
}


@book {Hatcher,
    AUTHOR = {Hatcher, Allen},
     TITLE = {Algebraic topology},
 PUBLISHER = {Cambridge University Press, Cambridge},
      YEAR = {2002},
     PAGES = {xii+544},
      ISBN = {0-521-79160-X; 0-521-79540-0},
   MRCLASS = {55-01 (55-00)},
  MRNUMBER = {1867354},
MRREVIEWER = {Donald W. Kahn},
}

@incollection{BGHT,
	Author = {Bergeron, F. and Garsia, A. M. and Haiman, M. and Tesler, G.},
	Date-Added = {2020-11-23 22:14:31 -0800},
	Date-Modified = {2020-11-23 22:14:31 -0800},
	Doi = {10.4310/MAA.1999.v6.n3.a7},
	Fjournal = {Methods and Applications of Analysis},
	Journal = {Methods Appl. Anal.},
	Mrclass = {05E05 (33D52)},
	Mrnumber = {1803316},
	Mrreviewer = {Ang{\`e}le M. Hamel},
	Note = {Dedicated to Richard A. Askey on the occasion of his 65th birthday, Part III},
	Number = {3},
	Pages = {363--420},
	Title = {Identities and positivity conjectures for some remarkable operators in the theory of symmetric functions},
	Url = {https://mathscinet.ams.org/mathscinet-getitem?mr=1803316},
	Volume = {6},
	Year = {1999}}

@article{Romero,
	Author = {Romero, Marino},
	Date-Added = {2020-09-11 18:06:20 -0700},
	Date-Modified = {2020-09-11 18:06:37 -0700},
	Doi = {10.1090/tran/7140},
	Fjournal = {Transactions of the American Mathematical Society},
	Journal = {Trans. Amer. Math. Soc.},
	Mrclass = {05E05 (05E10)},
	Mrnumber = {3683116},
	Mrreviewer = {Thomas Ernst},
	Number = {10},
	Pages = {7509--7530},
	Title = {The delta conjecture at {$q = 1$}},
	Volume = {369},
	Year = {2017}}

@article{Rhoades-OSPDelta,
	Author = {Rhoades, Brendon},
	Date-Added = {2020-09-11 18:04:27 -0700},
	Date-Modified = {2020-09-11 18:04:59 -0700},
	Doi = {10.1016/j.jcta.2017.08.017},
	Fjournal = {Journal of Combinatorial Theory. Series A},
	Journal = {J. Combin. Theory Ser. A},
	Mrclass = {05E05 (05A05 05A18)},
	Mrnumber = {3718065},
	Mrreviewer = {Hua Sun},
	Pages = {172--217},
	Title = {Ordered set partition statistics and the delta conjecture},
	Volume = {154},
	Year = {2018}}

@article{GHRY,
	Author = {Garsia, Adriano and Haglund, Jim and Remmel, Jeffrey B. and Yoo, Meesue},
	Date-Added = {2020-09-11 17:58:29 -0700},
	Date-Modified = {2020-09-11 17:58:58 -0700},
	Doi = {10.1007/s00026-019-00426-x},
	Fjournal = {Annals of Combinatorics},
	Journal = {Ann. Comb.},
	Mrclass = {05E05 (05E10)},
	Mrnumber = {3962860},
	Mrreviewer = {Edward E. Allen},
	Number = {2},
	Pages = {317--333},
	Title = {A proof of the delta conjecture when {$q=0$}},
	Volume = {23},
	Year = {2019},
	Bdsk-Url-1 = {https://mathscinet.ams.org/mathscinet-getitem?mr=3962860}}

@phdthesis{GriffinThesis,
	Author = {Sean T. Griffin},
	Date-Added = {2020-09-04 17:47:21 -0700},
	Date-Modified = {2020-09-04 17:50:53 -0700},
	Month = {August},
	School = {University of Washington},
	Title = {Combinatorics and Representation Theory of Rank Varieties, Springer Fibers, and Hyperplane Arrangements},
	Year = {2020}}

@article{Brundan-Ostrik,
	Author = {Brundan, Jonathan and Ostrik, Victor},
	Date-Added = {2020-06-12 21:01:01 -0700},
	Date-Modified = {2020-06-12 21:01:10 -0700},
	Doi = {10.1007/s00031-011-9149-2},
	Fjournal = {Transformation Groups},
	Journal = {Transform. Groups},
	Mrclass = {14M15 (14F25)},
	Mrnumber = {2827037},
	Mrreviewer = {David E. Anderson},
	Number = {3},
	Pages = {619--648},
	Title = {Cohomology of {S}paltenstein varieties},
	Volume = {16},
	Year = {2011},
	Bdsk-Url-1 = {https://mathscinet.ams.org/mathscinet-getitem?mr=2827037}}

@incollection{Borho-MacPherson,
	Author = {Borho, Walter and MacPherson, Robert},
	Booktitle = {Analysis and topology on singular spaces, {II}, {III} ({L}uminy, 1981)},
	Date-Added = {2020-05-31 22:33:08 -0700},
	Date-Modified = {2020-05-31 22:33:22 -0700},
	Mrclass = {14L30 (20C30 32C40)},
	Mrnumber = {737927},
	Mrreviewer = {Naohisa Shimomura},
	Pages = {23--74},
	Publisher = {Soc. Math. France, Paris},
	Series = {Ast\'{e}risque},
	Title = {Partial resolutions of nilpotent varieties},
	Volume = {101},
	Year = {1983},
	Bdsk-Url-1 = {https://mathscinet.ams.org/mathscinet-getitem?mr=737927}}

@article{Precup-Tymoczko-Parabolic,
	Adsnote = {Provided by the SAO/NASA Astrophysics Data System},
	Adsurl = {https://ui.adsabs.harvard.edu/abs/2017arXiv170104140P},
	Archiveprefix = {arXiv},
	Author = {{Precup}, Martha and {Tymoczko}, Julianna},
	Date-Modified = {2020-06-15 11:13:30 -0700},
	Eprint = {arXiv:1701.04140},
	Journal = {arXiv e-prints},
	Keywords = {Mathematics - Algebraic Geometry, Mathematics - Combinatorics, 14F25, 14L35, 14M15},
	Month = jan,
	Primaryclass = {math.AG},
	Title = {{Hessenberg varieties of parabolic type}},
	Year = 2017}

@article{MacMahonMaj,
	Author = {MacMahon, P. A.},
	Date-Added = {2020-05-08 22:06:49 -0700},
	Date-Modified = {2020-05-08 22:09:32 -0700},
	Doi = {10.1112/plms/s2-15.1.314},
	Fjournal = {Proceedings of the London Mathematical Society. Second Series},
	Journal = {Proc. London Math. Soc. (2)},
	Mrclass = {DML},
	Mrnumber = {1576566},
	Pages = {314--321},
	Title = {Two {A}pplications of {G}eneral {T}heorems in {C}ombinatory {A}nalysis: (1) {T}o the {T}heory of {I}nversions of {P}ermutations; (2) {T}o the {A}scertainment of the {N}umbers of {T}erms in the {D}evelopment of a {D}eterminant which has {A}mongst its {E}lements an {A}rbitrary {N}umber of {Z}eros},
	Volume = {15},
	Year = {1916},
	Bdsk-Url-1 = {https://mathscinet.ams.org/mathscinet-getitem?mr=1576566}}

@book{Artin,
	Author = {Artin, Emil},
	Date-Added = {2020-05-07 11:21:03 -0700},
	Date-Modified = {2020-05-07 11:21:18 -0700},
	Edition = {Second},
	Mrclass = {09.0X},
	Mrnumber = {0009934},
	Mrreviewer = {S. MacLane},
	Pages = {82},
	Publisher = {University of Notre Dame, Notre Dame, Ind.},
	Series = {Notre Dame Mathematical Lectures, no. 2},
	Title = {Galois {T}heory},
	Year = {1944},
	Bdsk-Url-1 = {https://mathscinet.ams.org/mathscinet-getitem?mr=0009934}}

@article{Garsia-Haiman,
	Author = {Garsia, Adriano M. and Haiman, Mark},
	Date-Added = {2020-05-07 10:23:40 -0700},
	Date-Modified = {2020-05-07 10:24:32 -0700},
	Doi = {10.1073/pnas.90.8.3607},
	Fjournal = {Proceedings of the National Academy of Sciences of the United States of America},
	Journal = {Proc. Nat. Acad. Sci. U.S.A.},
	Mrclass = {05E05 (05E10 20C30)},
	Mrnumber = {1214091},
	Mrreviewer = {John R. Stembridge},
	Number = {8},
	Pages = {3607--3610},
	Title = {A graded representation model for {M}acdonald's polynomials},
	Volume = {90},
	Year = {1993},
	Bdsk-Url-1 = {https://mathscinet.ams.org/mathscinet-getitem?mr=1214091}}

@article{Stanley-Invariants,
	Author = {Stanley, Richard P.},
	Date-Added = {2020-05-06 23:28:17 -0700},
	Date-Modified = {2020-05-06 23:34:42 -0700},
	Doi = {10.1090/S0273-0979-1979-14597-X},
	Fjournal = {American Mathematical Society. Bulletin. New Series},
	Journal = {Bull. Amer. Math. Soc. (N.S.)},
	Mrclass = {20C15 (05A15 13H10 14H10 15A72 51F15)},
	Mrnumber = {526968},
	Mrreviewer = {Ralph Strebel},
	Number = {3},
	Pages = {475--511},
	Title = {Invariants of finite groups and their applications to combinatorics},
	Volume = {1},
	Year = {1979},
	Bdsk-Url-1 = {https://mathscinet.ams.org/mathscinet-getitem?mr=526968}}

@book{Haglund_book,
	Author = {Haglund, James},
	Date-Added = {2020-05-06 22:19:19 -0700},
	Date-Modified = {2020-05-06 22:19:38 -0700},
	Mrclass = {05E05 (05A05 05A30 33D52)},
	Mrnumber = {2371044},
	Mrreviewer = {Michael A. Zabrocki},
	Pages = {viii+167},
	Publisher = {American Mathematical Society, Providence, RI},
	Series = {University Lecture Series},
	Title = {The {$q$},{$t$}-{C}atalan numbers and the space of diagonal harmonics},
	Volume = {41},
	Year = {2008},
	Bdsk-Url-1 = {https://mathscinet.ams.org/mathscinet-getitem?mr=2371044}}

@article{Chevalley,
	Author = {Chevalley, Claude},
	Date-Added = {2020-05-06 21:50:11 -0700},
	Date-Modified = {2020-05-06 21:50:27 -0700},
	Doi = {10.2307/2372597},
	Fjournal = {American Journal of Mathematics},
	Journal = {Amer. J. Math.},
	Mrclass = {20.0X},
	Mrnumber = {72877},
	Mrreviewer = {J. Dieudonn\'{e}},
	Pages = {778--782},
	Title = {Invariants of finite groups generated by reflections},
	Volume = {77},
	Year = {1955},
	Bdsk-Url-1 = {https://mathscinet.ams.org/mathscinet-getitem?mr=72877}}

@article{HLMvW,
	Author = {Haglund, J. and Luoto, K. and Mason, S. and van Willigenburg, S.},
	Date-Added = {2020-05-05 14:22:43 -0700},
	Date-Modified = {2020-05-05 14:23:16 -0700},
	Doi = {10.1016/j.jcta.2009.11.002},
	Fjournal = {Journal of Combinatorial Theory. Series A},
	Journal = {J. Combin. Theory Ser. A},
	Mrclass = {05E05},
	Mrnumber = {2739497},
	Mrreviewer = {Ira Gessel},
	Number = {2},
	Pages = {463--490},
	Title = {Quasisymmetric {S}chur functions},
	Volume = {118},
	Year = {2011},
	Bdsk-Url-1 = {https://mathscinet.ams.org/mathscinet-getitem?mr=2739497}}

@misc{Stanley-notes,
	Author = {Stanley, Richard P.},
	Date-Added = {2020-04-20 12:16:26 -0700},
	Date-Modified = {2020-04-20 12:22:38 -0700},
	Howpublished = {\url{http://www-math.mit.edu/~rstan/arrangements/arr.html}},
	Title = {Hyperplane arrangements}}

@misc{Forge,
	Author = {D. Forge},
	Date-Added = {2020-04-20 01:52:04 -0700},
	Date-Modified = {2020-04-20 01:54:40 -0700},
	Howpublished = {arXiv:1411.7834},
	Title = {Linial arrangements and local binary search trees, preprint},
	Year = {2014}}

@misc{OEIS,
	Author = {{OEIS Foundation Inc.}},
	Date-Added = {2020-04-20 01:50:39 -0700},
	Date-Modified = {2020-04-20 12:21:22 -0700},
	Howpublished = {\url{http://oeis.org/}},
	Title = {The online encyclopedia of integer sequences},
	Year = {2020}}

@unpublished{Gessel-unpublished,
	Author = {Gessel, Ira M.},
	Date-Added = {2020-04-20 01:49:51 -0700},
	Date-Modified = {2020-04-20 12:28:05 -0700},
	Title = {unpublished work},
	Year = {1995}}

@misc{Gessel-Oberwolfach,
	Author = {Gessel, Ira M.},
	Date-Added = {2020-04-20 01:46:40 -0700},
	Date-Modified = {2020-04-20 12:27:55 -0700},
	Howpublished = {\url{https://www.mfo.de/document/1410/OWR_2014_12.pdf}},
	Title = {Oberwolfach reports (enumerative combinatorics)},
	Year = {2014}}

@incollection{WachsPosetTopology,
	Author = {Wachs, Michelle L.},
	Booktitle = {Geometric combinatorics},
	Date-Added = {2020-04-16 17:06:54 -0700},
	Date-Modified = {2020-04-16 17:07:09 -0700},
	Mrclass = {06B30 (05E10 52C35 55R80)},
	Mrnumber = {2383132},
	Pages = {497--615},
	Publisher = {Amer. Math. Soc., Providence, RI},
	Series = {IAS/Park City Math. Ser.},
	Title = {Poset topology: tools and applications},
	Volume = {13},
	Year = {2007},
	Bdsk-Url-1 = {https://mathscinet.ams.org/mathscinet-getitem?mr=2383132}}

@article{Tewari,
	Author = {Tewari, Vasu},
	Date-Added = {2020-04-16 17:06:20 -0700},
	Date-Modified = {2020-04-16 17:06:33 -0700},
	Doi = {10.1016/j.jcta.2018.11.017},
	Fjournal = {Journal of Combinatorial Theory. Series A},
	Issn = {0097-3165},
	Journal = {J. Combin. Theory Ser. A},
	Mrclass = {52C35 (05A15 05C05)},
	Mrnumber = {3883262},
	Mrreviewer = {Alexander I. Barvinok},
	Pages = {98--117},
	Title = {Gessel polynomials, rooks, and extended {L}inial arrangements},
	Volume = {163},
	Year = {2019},
	Bdsk-Url-1 = {https://mathscinet.ams.org/mathscinet-getitem?mr=3883262}}

@incollection{Stanley-Noncrossing,
	Author = {Stanley, Richard P.},
	Date-Added = {2020-04-16 17:05:42 -0700},
	Date-Modified = {2020-04-16 17:05:57 -0700},
	Fjournal = {Electronic Journal of Combinatorics},
	Journal = {Electron. J. Combin.},
	Mrclass = {05A17 (05E05)},
	Mrnumber = {1444167},
	Note = {The Wilf Festschrift (Philadelphia, PA, 1996)},
	Number = {2},
	Pages = {Research Paper 20, approx. 14},
	Title = {Parking functions and noncrossing partitions},
	Volume = {4},
	Year = {1997},
	Bdsk-Url-1 = {https://mathscinet.ams.org/mathscinet-getitem?mr=1444167}}

@incollection{Stanley-Park,
	Author = {Stanley, Richard P.},
	Booktitle = {Mathematical essays in honor of {G}ian-{C}arlo {R}ota ({C}ambridge, {MA}, 1996)},
	Date-Added = {2020-04-16 17:05:07 -0700},
	Date-Modified = {2020-04-16 17:05:19 -0700},
	Mrclass = {05A15 (52B30)},
	Mrnumber = {1627378},
	Mrreviewer = {Volkmar Welker},
	Pages = {359--375},
	Publisher = {Birkh\"{a}user Boston, Boston, MA},
	Series = {Progr. Math.},
	Title = {Hyperplane arrangements, parking functions and tree inversions},
	Volume = {161},
	Year = {1998},
	Bdsk-Url-1 = {https://mathscinet.ams.org/mathscinet-getitem?mr=1627378}}

@article{Stanley-Pnas,
	Author = {Stanley, Richard P.},
	Date-Added = {2020-04-16 17:04:16 -0700},
	Date-Modified = {2020-04-16 17:04:33 -0700},
	Doi = {10.1073/pnas.93.6.2620},
	Fjournal = {Proceedings of the National Academy of Sciences of the United States of America},
	Issn = {0027-8424},
	Journal = {Proc. Nat. Acad. Sci. U.S.A.},
	Mrclass = {52B30 (05C30 06A06 20F55)},
	Mrnumber = {1379568},
	Mrreviewer = {Hiroaki Terao},
	Number = {6},
	Pages = {2620--2625},
	Title = {Hyperplane arrangements, interval orders, and trees},
	Volume = {93},
	Year = {1996},
	Bdsk-Url-1 = {https://mathscinet.ams.org/mathscinet-getitem?mr=1379568}}

@book{Stanley-EC2,
	Author = {Stanley, Richard P.},
	Date-Added = {2020-04-16 17:02:56 -0700},
	Date-Modified = {2020-04-16 17:03:14 -0700},
	Doi = {10.1017/CBO9780511609589},
	Isbn = {0-521-56069-1; 0-521-78987-7},
	Mrclass = {05A15 (05-02 05E05 05E10 68R05)},
	Mrnumber = {1676282},
	Mrreviewer = {Ira Gessel},
	Note = {With a foreword by Gian-Carlo Rota and appendix 1 by Sergey Fomin},
	Pages = {xii+581},
	Publisher = {Cambridge University Press, Cambridge},
	Series = {Cambridge Studies in Advanced Mathematics},
	Title = {Enumerative combinatorics. {V}ol. 2},
	Volume = {62},
	Year = {1999},
	Bdsk-Url-1 = {https://mathscinet.ams.org/mathscinet-getitem?mr=1676282}}

@book{Stanley-EC1,
	Author = {Stanley, Richard P.},
	Date-Added = {2020-04-16 17:02:45 -0700},
	Date-Modified = {2020-04-16 17:03:35 -0700},
	Edition = {Second},
	Isbn = {978-1-107-60262-5},
	Mrclass = {05-02 (05A15 06-02)},
	Mrnumber = {2868112},
	Pages = {xiv+626},
	Publisher = {Cambridge University Press, Cambridge},
	Series = {Cambridge Studies in Advanced Mathematics},
	Title = {Enumerative combinatorics. {V}ol. 1},
	Volume = {49},
	Year = {2012},
	Bdsk-Url-1 = {https://mathscinet.ams.org/mathscinet-getitem?mr=2868112}}

@book{Stanley-Catalan,
	Author = {Stanley, Richard P.},
	Date-Added = {2020-04-16 17:01:51 -0700},
	Date-Modified = {2020-04-16 17:02:07 -0700},
	Doi = {10.1017/CBO9781139871495},
	Isbn = {978-1-107-42774-7; 978-1-107-07509-2},
	Mrclass = {05-01 (01A05 11B75 11B83)},
	Mrnumber = {3467982},
	Mrreviewer = {David Callan},
	Pages = {viii+215},
	Publisher = {Cambridge University Press, New York},
	Title = {Catalan numbers},
	Year = {2015},
	Bdsk-Url-1 = {https://mathscinet.ams.org/mathscinet-getitem?mr=3467982}}

@article{Stanley-Alternating,
	Author = {Stanley, Richard P.},
	Date-Added = {2020-04-16 17:01:16 -0700},
	Date-Modified = {2020-04-16 17:01:32 -0700},
	Doi = {10.1016/j.jcta.2006.06.008},
	Fjournal = {Journal of Combinatorial Theory. Series A},
	Issn = {0097-3165},
	Journal = {J. Combin. Theory Ser. A},
	Mrclass = {05E05 (05A05 05A15 05A40)},
	Mrnumber = {2310744},
	Mrreviewer = {Domenico Senato},
	Number = {3},
	Pages = {436--460},
	Title = {Alternating permutations and symmetric functions},
	Volume = {114},
	Year = {2007},
	Bdsk-Url-1 = {https://mathscinet.ams.org/mathscinet-getitem?mr=2310744}}

@article{Stanley,
	Author = {Stanley, Richard P.},
	Date-Added = {2020-04-16 17:00:38 -0700},
	Date-Modified = {2020-04-16 17:00:55 -0700},
	Doi = {10.1016/0001-8708(89)90015-7},
	Fjournal = {Advances in Mathematics},
	Issn = {0001-8708},
	Journal = {Adv. Math.},
	Mrclass = {05A15 (20C30)},
	Mrnumber = {1014073},
	Mrreviewer = {Dennis White},
	Number = {1},
	Pages = {76--115},
	Title = {Some combinatorial properties of {J}ack symmetric functions},
	Volume = {77},
	Year = {1989},
	Bdsk-Url-1 = {https://mathscinet.ams.org/mathscinet-getitem?mr=1014073}}

@incollection{Simion,
	Author = {Simion, Rodica},
	Date-Added = {2020-04-16 16:59:27 -0700},
	Date-Modified = {2020-04-16 17:00:09 -0700},
	Doi = {10.1016/S0012-365X(99)00273-3},
	Fjournal = {Discrete Mathematics},
	Issn = {0012-365X},
	Journal = {Discrete Math.},
	Mrclass = {05A15 (05A10 05A18 05A30 05E10 46L54 52B05)},
	Mrnumber = {1766277},
	Mrreviewer = {Christian Krattenthaler},
	Note = {Formal power series and algebraic combinatorics (Vienna, 1997)},
	Number = {1-3},
	Pages = {367--409},
	Title = {Noncrossing partitions},
	Volume = {217},
	Year = {2000},
	Bdsk-Url-1 = {https://mathscinet.ams.org/mathscinet-getitem?mr=1766277}}

@article{Shi-JLMS,
	Author = {Shi, Jian Yi},
	Date-Added = {2020-04-16 16:53:59 -0700},
	Date-Modified = {2020-04-16 16:54:11 -0700},
	Doi = {10.1112/jlms/s2-35.1.56},
	Fjournal = {Journal of the London Mathematical Society. Second Series},
	Issn = {0024-6107},
	Journal = {J. London Math. Soc. (2)},
	Mrclass = {20H15 (17B10 20G05)},
	Mrnumber = {871765},
	Mrreviewer = {D.-N. Verma},
	Number = {1},
	Pages = {56--74},
	Title = {Sign types corresponding to an affine {W}eyl group},
	Volume = {35},
	Year = {1987},
	Bdsk-Url-1 = {https://mathscinet.ams.org/mathscinet-getitem?mr=871765}}

@book{Shi-Lecturenotes,
	Author = {Shi, Jian Yi},
	Date-Added = {2020-04-16 16:53:01 -0700},
	Date-Modified = {2020-04-16 16:53:29 -0700},
	Doi = {10.1007/BFb0074968},
	Isbn = {3-540-16439-1},
	Mrclass = {20G05 (17B10 20B25 20H15)},
	Mrnumber = {835214},
	Mrreviewer = {H. H. Andersen},
	Pages = {x+307},
	Publisher = {Springer-Verlag, Berlin},
	Series = {Lecture Notes in Mathematics},
	Title = {The {K}azhdan-{L}usztig cells in certain affine {W}eyl groups},
	Volume = {1179},
	Year = {1986},
	Bdsk-Url-1 = {https://mathscinet.ams.org/mathscinet-getitem?mr=835214}}

@article{ShareshianWachs-2,
	Author = {Shareshian, John and Wachs, Michelle L.},
	Date-Added = {2020-04-16 16:52:04 -0700},
	Date-Modified = {2020-04-16 16:52:21 -0700},
	Doi = {10.1016/j.aim.2010.05.009},
	Fjournal = {Advances in Mathematics},
	Journal = {Adv. Math.},
	Mrclass = {05E05 (05A15 05A30)},
	Mrnumber = {2728998},
	Mrreviewer = {Kurt W. Luoto},
	Number = {6},
	Pages = {2921--2966},
	Title = {Eulerian quasisymmetric functions},
	Volume = {225},
	Year = {2010},
	Bdsk-Url-1 = {https://mathscinet.ams.org/mathscinet-getitem?mr=2728998}}

@article{ShareshianWachs-1,
	Author = {Shareshian, John and Wachs, Michelle L.},
	Date-Added = {2020-04-16 16:51:16 -0700},
	Date-Modified = {2020-04-16 16:51:34 -0700},
	Doi = {10.1016/j.aim.2015.12.018},
	Fjournal = {Advances in Mathematics},
	Journal = {Adv. Math.},
	Mrclass = {05E05 (14M15)},
	Mrnumber = {3488041},
	Mrreviewer = {Meesue Yoo},
	Pages = {497--551},
	Title = {Chromatic quasisymmetric functions},
	Volume = {295},
	Year = {2016},
	Bdsk-Url-1 = {https://mathscinet.ams.org/mathscinet-getitem?mr=3488041}}

@book{Sagan,
	Author = {Sagan, Bruce E.},
	Date-Added = {2020-04-16 16:50:32 -0700},
	Date-Modified = {2020-04-16 16:50:52 -0700},
	Doi = {10.1007/978-1-4757-6804-6},
	Edition = {Second},
	Mrclass = {05E10 (05E05 20C30)},
	Mrnumber = {1824028},
	Note = {Representations, combinatorial algorithms, and symmetric functions},
	Pages = {xvi+238},
	Publisher = {Springer-Verlag, New York},
	Series = {Graduate Texts in Mathematics},
	Title = {The symmetric group},
	Volume = {203},
	Year = {2001},
	Bdsk-Url-1 = {https://mathscinet.ams.org/mathscinet-getitem?mr=1824028}}

@book{Orlik-Terao,
	Author = {Orlik, Peter and Terao, Hiroaki},
	Date-Added = {2020-04-16 16:49:45 -0700},
	Date-Modified = {2020-04-16 16:49:56 -0700},
	Doi = {10.1007/978-3-662-02772-1},
	Isbn = {3-540-55259-6},
	Mrclass = {52B30 (14F35 20F36 20F55 32S25 57N65)},
	Mrnumber = {1217488},
	Mrreviewer = {Michel Yves Jambu},
	Pages = {xviii+325},
	Publisher = {Springer-Verlag, Berlin},
	Series = {Grundlehren der Mathematischen Wissenschaften [Fundamental Principles of Mathematical Sciences]},
	Title = {Arrangements of hyperplanes},
	Volume = {300},
	Year = {1992},
	Bdsk-Url-1 = {https://mathscinet.ams.org/mathscinet-getitem?mr=1217488}}

@article{Postnikov-Reiner-Williams,
	Author = {Postnikov, Alex and Reiner, Victor and Williams, Lauren},
	Date-Added = {2020-04-16 16:47:17 -0700},
	Date-Modified = {2020-04-16 16:47:30 -0700},
	Fjournal = {Documenta Mathematica},
	Issn = {1431-0635},
	Journal = {Doc. Math.},
	Mrclass = {05E30 (05A15)},
	Mrnumber = {2520477},
	Pages = {207--273},
	Title = {Faces of generalized permutohedra},
	Volume = {13},
	Year = {2008},
	Bdsk-Url-1 = {https://mathscinet.ams.org/mathscinet-getitem?mr=2520477}}

@incollection{Postnikov-Stanley,
	Author = {Postnikov, Alexander and Stanley, Richard P.},
	Date-Added = {2020-04-16 16:46:44 -0700},
	Date-Modified = {2020-04-16 16:46:59 -0700},
	Doi = {10.1006/jcta.2000.3106},
	Fjournal = {Journal of Combinatorial Theory. Series A},
	Issn = {0097-3165},
	Journal = {J. Combin. Theory Ser. A},
	Mrclass = {52C35},
	Mrnumber = {1780038},
	Note = {In memory of Gian-Carlo Rota},
	Number = {1-2},
	Pages = {544--597},
	Title = {Deformations of {C}oxeter hyperplane arrangements},
	Volume = {91},
	Year = {2000},
	Bdsk-Url-1 = {https://mathscinet.ams.org/mathscinet-getitem?mr=1780038}}

@article{Postnikov-JCTA,
	Author = {Postnikov, Alexander},
	Date-Added = {2020-04-16 16:38:44 -0700},
	Date-Modified = {2020-04-16 16:38:58 -0700},
	Doi = {10.1006/jcta.1996.2735},
	Fjournal = {Journal of Combinatorial Theory. Series A},
	Issn = {0097-3165},
	Journal = {J. Combin. Theory Ser. A},
	Mrclass = {05C05 (05C30)},
	Mrnumber = {1462563},
	Number = {2},
	Pages = {360--366},
	Title = {Intransitive trees},
	Volume = {79},
	Year = {1997},
	Bdsk-Url-1 = {https://mathscinet.ams.org/mathscinet-getitem?mr=1462563}}

@book{Petersen,
	Author = {Petersen, T. Kyle},
	Date-Added = {2020-04-16 16:38:03 -0700},
	Date-Modified = {2020-04-16 16:38:26 -0700},
	Doi = {10.1007/978-1-4939-3091-3},
	Isbn = {978-1-4939-3090-6; 978-1-4939-3091-3},
	Mrclass = {05-02 (05A15 05Exx 06A07 11B65 11B75 20F55)},
	Mrnumber = {3408615},
	Mrreviewer = {Damir Yeliussizov},
	Pages = {xviii+456},
	Publisher = {Birkh\"{a}user/Springer, New York},
	Series = {Birkh\"{a}user Advanced Texts: Basler Lehrb\"{u}cher. [Birkh\"{a}user Advanced Texts: Basel Textbooks]},
	Title = {Eulerian numbers},
	Year = {2015},
	Bdsk-Url-1 = {https://mathscinet.ams.org/mathscinet-getitem?mr=3408615}}

@article{Novelli-Thibon-Amazing,
	Author = {Novelli, Jean-Christophe and Thibon, Jean-Yves},
	Date-Added = {2020-04-16 16:36:09 -0700},
	Date-Modified = {2020-04-20 17:05:11 -0700},
	Doi = {10.1016/j.aam.2011.11.008},
	Fjournal = {Advances in Applied Mathematics},
	Issn = {0196-8858},
	Journal = {Adv. in Appl. Math.},
	Mrclass = {05E05 (05A15 60C05)},
	Mrnumber = {2899968},
	Mrreviewer = {Hac{\`e}ne Belbachir},
	Number = {3},
	Pages = {528--534},
	Title = {Noncommutative symmetric functions and an amazing matrix},
	Volume = {48},
	Year = {2012},
	Bdsk-Url-1 = {https://mathscinet.ams.org/mathscinet-getitem?mr=2899968}}

@article{Miller-Foulkes,
	Author = {Miller, Alexander R.},
	Date-Added = {2020-04-16 16:35:13 -0700},
	Date-Modified = {2020-04-16 16:35:26 -0700},
	Doi = {10.1090/S0002-9939-2015-12385-4},
	Fjournal = {Proceedings of the American Mathematical Society},
	Issn = {0002-9939},
	Journal = {Proc. Amer. Math. Soc.},
	Mrclass = {20C15 (05E10 05E18 20F55)},
	Mrnumber = {3348771},
	Mrreviewer = {G\"{o}tz Pfeiffer},
	Number = {8},
	Pages = {3281--3293},
	Title = {Foulkes characters for complex reflection groups},
	Volume = {143},
	Year = {2015},
	Bdsk-Url-1 = {https://mathscinet.ams.org/mathscinet-getitem?mr=3348771}}

@article{McCammond,
	Author = {McCammond, Jon},
	Date-Added = {2020-04-16 16:34:44 -0700},
	Date-Modified = {2020-04-16 16:34:55 -0700},
	Doi = {10.2307/27642003},
	Fjournal = {American Mathematical Monthly},
	Issn = {0002-9890},
	Journal = {Amer. Math. Monthly},
	Mrclass = {05A18 (57M07 60C05)},
	Mrnumber = {2252931},
	Number = {7},
	Pages = {598--610},
	Title = {Noncrossing partitions in surprising locations},
	Volume = {113},
	Year = {2006},
	Bdsk-Url-1 = {https://mathscinet.ams.org/mathscinet-getitem?mr=2252931}}

@book{MacMahon,
	Author = {MacMahon, Percy A.},
	Date-Added = {2020-04-16 16:34:09 -0700},
	Date-Modified = {2020-04-16 16:34:21 -0700},
	Mrclass = {05.00 (01.60)},
	Mrnumber = {0141605},
	Mrreviewer = {T. H. Southard},
	Pages = {xix+302+xix+340},
	Publisher = {Chelsea Publishing Co., New York},
	Series = {Two volumes (bound as one)},
	Title = {Combinatory analysis},
	Year = {1960},
	Bdsk-Url-1 = {https://mathscinet.ams.org/mathscinet-getitem?mr=0141605}}

@incollection{Kalikow,
	Author = {Kalikow, Louis H.},
	Date-Added = {2020-04-16 16:32:54 -0700},
	Date-Modified = {2020-04-16 16:33:05 -0700},
	Doi = {10.1016/S0012-365X(02)00344-8},
	Fjournal = {Discrete Mathematics},
	Issn = {0012-365X},
	Journal = {Discrete Math.},
	Mrclass = {05A05 (05C05)},
	Mrnumber = {1935785},
	Mrreviewer = {Ira Gessel},
	Note = {LaCIM 2000 Conference on Combinatorics, Computer Science and Applications (Montreal, QC)},
	Number = {3},
	Pages = {719--741},
	Title = {Symmetries in trees and parking functions},
	Volume = {256},
	Year = {2002},
	Bdsk-Url-1 = {https://mathscinet.ams.org/mathscinet-getitem?mr=1935785}}

@article{Huang,
	Author = {Huang, Jia},
	Date-Added = {2020-04-16 16:32:25 -0700},
	Date-Modified = {2020-04-16 16:32:36 -0700},
	Doi = {10.1007/s00026-015-0264-y},
	Fjournal = {Annals of Combinatorics},
	Issn = {0218-0006},
	Journal = {Ann. Comb.},
	Mrclass = {05E05 (05E10 13F55)},
	Mrnumber = {3347384},
	Mrreviewer = {Anda Olteanu},
	Number = {2},
	Pages = {293--323},
	Title = {0-{H}ecke algebra action on the {S}tanley-{R}eisner ring of the {B}oolean algebra},
	Url = {https://mathscinet.ams.org/mathscinet-getitem?mr=3347384},
	Volume = {19},
	Year = {2015},
	Bdsk-Url-1 = {https://mathscinet.ams.org/mathscinet-getitem?mr=3347384}}

@article{Holte,
	Author = {Holte, John M.},
	Date-Added = {2020-04-16 16:31:33 -0700},
	Date-Modified = {2020-04-16 16:31:48 -0700},
	Doi = {10.2307/2974981},
	Fjournal = {American Mathematical Monthly},
	Issn = {0002-9890},
	Journal = {Amer. Math. Monthly},
	Mrclass = {15A48 (05A10 11B73 15A18 15A51)},
	Mrnumber = {1437415},
	Mrreviewer = {Uriel G. Rothblum},
	Number = {2},
	Pages = {138--149},
	Title = {Carries, combinatorics, and an amazing matrix},
	Volume = {104},
	Year = {1997},
	Bdsk-Url-1 = {https://mathscinet.ams.org/mathscinet-getitem?mr=1437415}}

@article{Headley,
	Author = {Headley, Patrick},
	Date-Added = {2020-04-16 16:31:02 -0700},
	Date-Modified = {2020-04-16 16:31:17 -0700},
	Doi = {10.1023/A:1008621126402},
	Fjournal = {Journal of Algebraic Combinatorics. An International Journal},
	Issn = {0925-9899},
	Journal = {J. Algebraic Combin.},
	Mrclass = {52B30 (20F55)},
	Mrnumber = {1471893},
	Mrreviewer = {P. Orlik},
	Number = {4},
	Pages = {331--338},
	Title = {On a family of hyperplane arrangements related to the affine {W}eyl groups},
	Url = {https://mathscinet.ams.org/mathscinet-getitem?mr=1471893},
	Volume = {6},
	Year = {1997},
	Bdsk-Url-1 = {https://mathscinet.ams.org/mathscinet-getitem?mr=1471893}}

@article{Gnedin-Gorin-Kerov,
	Author = {Gnedin, Alexander and Gorin, Vadim and Kerov, Sergei},
	Date-Added = {2020-04-16 16:29:50 -0700},
	Date-Modified = {2020-04-16 16:30:04 -0700},
	Doi = {10.1007/s10801-012-0394-9},
	Fjournal = {Journal of Algebraic Combinatorics. An International Journal},
	Issn = {0925-9899},
	Journal = {J. Algebraic Combin.},
	Mrclass = {20C30 (20C32)},
	Mrnumber = {3070121},
	Mrreviewer = {Beno\^{\i}t Collins},
	Number = {1},
	Pages = {79--101},
	Title = {Block characters of the symmetric groups},
	Url = {https://mathscinet.ams.org/mathscinet-getitem?mr=3070121},
	Volume = {38},
	Year = {2013},
	Bdsk-Url-1 = {https://mathscinet.ams.org/mathscinet-getitem?mr=3070121}}

@article{Gessel-Reutenauer,
	Author = {Gessel, Ira M. and Reutenauer, Christophe},
	Date-Added = {2020-04-16 16:29:17 -0700},
	Date-Modified = {2020-04-16 16:29:31 -0700},
	Doi = {10.1016/0097-3165(93)90095-P},
	Fjournal = {Journal of Combinatorial Theory. Series A},
	Issn = {0097-3165},
	Journal = {J. Combin. Theory Ser. A},
	Mrclass = {05A15 (05E05)},
	Mrnumber = {1245159},
	Number = {2},
	Pages = {189--215},
	Title = {Counting permutations with given cycle structure and descent set},
	Url = {https://mathscinet.ams.org/mathscinet-getitem?mr=1245159},
	Volume = {64},
	Year = {1993},
	Bdsk-Url-1 = {https://mathscinet.ams.org/mathscinet-getitem?mr=1245159}}

@article{FPSAC-17,
	Author = {Gessel, Ira M. and Griffin, Sean T. and Tewari, Vasu},
	Date-Added = {2020-04-16 16:28:07 -0700},
	Date-Modified = {2020-04-20 22:12:10 -0700},
	Fjournal = {S\'{e}minaire Lotharingien de Combinatoire},
	Journal = {S\'{e}m. Lothar. Combin.},
	Mrclass = {05A15 (05C05)},
	Mrnumber = {3678655},
	Pages = {Art. 73, 12},
	Title = {Schur positivity and labeled binary trees},
	Url = {https://mathscinet.ams.org/mathscinet-getitem?mr=3678655},
	Volume = {78B},
	Year = {2017},
	Bdsk-Url-1 = {https://mathscinet.ams.org/mathscinet-getitem?mr=3678655}}

@article{li,
	Author = {Gessel, Ira M.},
	Date-Added = {2020-04-16 16:26:07 -0700},
	Date-Modified = {2020-04-16 16:26:22 -0700},
	Doi = {10.1016/j.jcta.2016.06.018},
	Fjournal = {Journal of Combinatorial Theory. Series A},
	Issn = {0097-3165},
	Journal = {J. Combin. Theory Ser. A},
	Mrclass = {05A15 (05A19)},
	Mrnumber = {3534068},
	Mrreviewer = {L\'{a}szl\'{o} T\'{o}th},
	Pages = {212--249},
	Title = {Lagrange inversion},
	Url = {https://mathscinet.ams.org/mathscinet-getitem?mr=3534068},
	Volume = {144},
	Year = {2016},
	Bdsk-Url-1 = {https://mathscinet.ams.org/mathscinet-getitem?mr=3534068}}

@incollection{gessel-forests,
	Author = {Gessel, Ira M.},
	Date-Added = {2020-04-16 16:25:29 -0700},
	Date-Modified = {2020-04-20 12:27:48 -0700},
	Fjournal = {Electronic Journal of Combinatorics},
	Journal = {Electron. J. Combin.},
	Mrclass = {05C30 (05C05)},
	Mrnumber = {1392493},
	Mrreviewer = {J. W. Moon},
	Note = {The Foata Festschrift},
	Number = {2},
	Pages = {Research Paper 8, approx. 5},
	Title = {Counting forests by descents and leaves},
	Url = {https://mathscinet.ams.org/mathscinet-getitem?mr=1392493},
	Volume = {3},
	Year = {1996},
	Bdsk-Url-1 = {https://mathscinet.ams.org/mathscinet-getitem?mr=1392493}}

@article{Garsia-Stanton,
	Author = {Garsia, A. M. and Stanton, D.},
	Date-Added = {2020-04-16 16:24:46 -0700},
	Date-Modified = {2020-04-16 16:25:09 -0700},
	Doi = {10.1016/0001-8708(84)90005-7},
	Fjournal = {Advances in Mathematics},
	Journal = {Adv. in Math.},
	Mrclass = {20B35 (06A10 13H10 15A72)},
	Mrnumber = {736732},
	Mrreviewer = {Ira Gessel},
	Number = {2},
	Pages = {107--201},
	Title = {Group actions of {S}tanley-{R}eisner rings and invariants of permutation groups},
	Url = {https://mathscinet.ams.org/mathscinet-getitem?mr=736732},
	Volume = {51},
	Year = {1984},
	Bdsk-Url-1 = {https://mathscinet.ams.org/mathscinet-getitem?mr=736732}}

@article{Gal,
	Author = {Gal, \'{S}wiatos\l aw R.},
	Date-Added = {2020-04-16 16:24:15 -0700},
	Date-Modified = {2020-04-16 16:24:30 -0700},
	Doi = {10.1007/s00454-005-1171-5},
	Fjournal = {Discrete \& Computational Geometry. An International Journal of Mathematics and Computer Science},
	Issn = {0179-5376},
	Journal = {Discrete Comput. Geom.},
	Mrclass = {52B70 (05E25 06A07)},
	Mrnumber = {2155722},
	Mrreviewer = {Wolfgang K\"{u}hnel},
	Number = {2},
	Pages = {269--284},
	Title = {Real root conjecture fails for five- and higher-dimensional spheres},
	Url = {https://mathscinet.ams.org/mathscinet-getitem?mr=2155722},
	Volume = {34},
	Year = {2005},
	Bdsk-Url-1 = {https://mathscinet.ams.org/mathscinet-getitem?mr=2155722}}

@article{Foulkes,
	Author = {Foulkes, H. O.},
	Date-Added = {2020-04-16 16:23:46 -0700},
	Date-Modified = {2020-04-16 16:23:58 -0700},
	Doi = {10.1016/0012-365X(80)90061-8},
	Fjournal = {Discrete Mathematics},
	Issn = {0012-365X},
	Journal = {Discrete Math.},
	Mrclass = {05A17 (10A40 20C30)},
	Mrnumber = {561763},
	Mrreviewer = {G. D. James},
	Number = {1},
	Pages = {3--49},
	Title = {Eulerian numbers, {N}ewcomb's problem and representations of symmetric groups},
	Url = {https://mathscinet.ams.org/mathscinet-getitem?mr=561763},
	Volume = {30},
	Year = {1980},
	Bdsk-Url-1 = {https://mathscinet.ams.org/mathscinet-getitem?mr=561763}}

@article{Edelman,
	Author = {Edelman, Paul H.},
	Date-Added = {2020-04-16 16:22:23 -0700},
	Date-Modified = {2020-04-16 16:22:37 -0700},
	Doi = {10.1016/0012-365X(82)90118-2},
	Fjournal = {Discrete Mathematics},
	Issn = {0012-365X},
	Journal = {Discrete Math.},
	Mrclass = {05C05 (05A17 06A10)},
	Mrnumber = {676723},
	Mrreviewer = {J. W. Moon},
	Number = {2-3},
	Pages = {171--179},
	Title = {Multichains, noncrossing partitions and trees},
	Url = {https://mathscinet.ams.org/mathscinet-getitem?mr=676723},
	Volume = {40},
	Year = {1982},
	Bdsk-Url-1 = {https://mathscinet.ams.org/mathscinet-getitem?mr=676723}}

@book{Drake,
	Author = {Drake, Brian},
	Date-Added = {2020-04-16 16:21:51 -0700},
	Date-Modified = {2020-04-16 16:22:05 -0700},
	Isbn = {978-0549-69926-2},
	Mrclass = {Thesis},
	Mrnumber = {2712031},
	Note = {Thesis (Ph.D.)--Brandeis University},
	Pages = {114},
	Publisher = {ProQuest LLC, Ann Arbor, MI},
	Title = {An inversion theorem for labeled trees and some limits of areas under lattice paths},
	Url = {https://mathscinet.ams.org/mathscinet-getitem?mr=2712031},
	Year = {2008},
	Bdsk-Url-1 = {https://mathscinet.ams.org/mathscinet-getitem?mr=2712031}}

@article{Donaghey-Shapiro,
	Author = {Donaghey, Robert and Shapiro, Louis W.},
	Date-Added = {2020-04-16 16:21:14 -0700},
	Date-Modified = {2020-04-16 16:21:31 -0700},
	Doi = {10.1016/0097-3165(77)90020-6},
	Fjournal = {Journal of Combinatorial Theory. Series A},
	Issn = {0097-3165},
	Journal = {J. Combinatorial Theory Ser. A},
	Mrclass = {05A15},
	Mrnumber = {505544},
	Number = {3},
	Pages = {291--301},
	Title = {Motzkin numbers},
	Url = {https://mathscinet.ams.org/mathscinet-getitem?mr=505544},
	Volume = {23},
	Year = {1977},
	Bdsk-Url-1 = {https://mathscinet.ams.org/mathscinet-getitem?mr=505544}}

@article{Diaconis-Fulman,
	Author = {Diaconis, Persi and Fulman, Jason},
	Date-Added = {2020-04-16 16:20:32 -0700},
	Date-Modified = {2020-04-16 16:20:50 -0700},
	Doi = {10.1007/s10801-012-0343-7},
	Fjournal = {Journal of Algebraic Combinatorics. An International Journal},
	Issn = {0925-9899},
	Journal = {J. Algebraic Combin.},
	Mrclass = {05E05 (60J10)},
	Mrnumber = {2969071},
	Mrreviewer = {Anatoly Yambartsev},
	Number = {3},
	Pages = {425--440},
	Title = {Foulkes characters, {E}ulerian idempotents, and an amazing matrix},
	Url = {https://mathscinet.ams.org/mathscinet-getitem?mr=2969071},
	Volume = {36},
	Year = {2012},
	Bdsk-Url-1 = {https://mathscinet.ams.org/mathscinet-getitem?mr=2969071}}

@article{Corteel-Forge-Ventos,
	Author = {Corteel, Sylvie and Forge, David and Ventos, V\'{e}ronique},
	Date-Added = {2020-04-16 16:19:50 -0700},
	Date-Modified = {2020-04-16 16:20:04 -0700},
	Doi = {10.1016/j.ejc.2015.04.003},
	Fjournal = {European Journal of Combinatorics},
	Issn = {0195-6698},
	Journal = {European J. Combin.},
	Mrclass = {52C35 (05A19)},
	Mrnumber = {3361409},
	Mrreviewer = {Kelly Jeanne Pearson},
	Pages = {30--37},
	Title = {Bijections between affine hyperplane arrangements and valued graphs},
	Url = {https://mathscinet.ams.org/mathscinet-getitem?mr=3361409},
	Volume = {50},
	Year = {2015},
	Bdsk-Url-1 = {https://mathscinet.ams.org/mathscinet-getitem?mr=3361409}}

@article{Charney-Davis,
	Author = {Charney, Ruth and Davis, Michael},
	Date-Added = {2020-04-16 16:18:58 -0700},
	Date-Modified = {2020-04-16 16:19:10 -0700},
	Fjournal = {Pacific Journal of Mathematics},
	Issn = {0030-8730},
	Journal = {Pacific J. Math.},
	Mrclass = {53C23 (57M50 57Q05)},
	Mrnumber = {1362980},
	Mrreviewer = {Athanase Papadopoulos},
	Number = {1},
	Pages = {117--137},
	Title = {The {E}uler characteristic of a nonpositively curved, piecewise {E}uclidean manifold},
	Url = {https://mathscinet.ams.org/mathscinet-getitem?mr=1362980},
	Volume = {171},
	Year = {1995},
	Bdsk-Url-1 = {https://mathscinet.ams.org/mathscinet-getitem?mr=1362980}}

@incollection{Branden,
	Author = {Br\"{a}nd\'{e}n, Petter},
	Booktitle = {Handbook of enumerative combinatorics},
	Date-Added = {2020-04-16 16:18:20 -0700},
	Date-Modified = {2020-04-16 16:18:32 -0700},
	Mrclass = {05Axx (05D40 05E10)},
	Mrnumber = {3409348},
	Pages = {437--483},
	Publisher = {CRC Press, Boca Raton, FL},
	Series = {Discrete Math. Appl. (Boca Raton)},
	Title = {Unimodality, log-concavity, real-rootedness and beyond},
	Url = {https://mathscinet.ams.org/mathscinet-getitem?mr=3409348},
	Year = {2015},
	Bdsk-Url-1 = {https://mathscinet.ams.org/mathscinet-getitem?mr=3409348}}

@article{Bernardi,
	Author = {Bernardi, Olivier},
	Date-Added = {2020-04-16 16:17:19 -0700},
	Date-Modified = {2020-04-16 16:17:34 -0700},
	Doi = {10.1016/j.aim.2018.07.020},
	Fjournal = {Advances in Mathematics},
	Issn = {0001-8708},
	Journal = {Adv. Math.},
	Mrclass = {52C35 (05A15 05A19)},
	Mrnumber = {3836672},
	Mrreviewer = {Piotr Pokora},
	Pages = {466--518},
	Title = {Deformations of the braid arrangement and trees},
	Url = {https://mathscinet.ams.org/mathscinet-getitem?mr=3836672},
	Volume = {335},
	Year = {2018},
	Bdsk-Url-1 = {https://mathscinet.ams.org/mathscinet-getitem?mr=3836672}}

@article{Athanasiadis-Linusson,
	Author = {Athanasiadis, Christos A. and Linusson, Svante},
	Date-Added = {2020-04-16 16:16:33 -0700},
	Date-Modified = {2020-04-16 16:16:56 -0700},
	Doi = {10.1016/S0012-365X(98)00365-3},
	Fjournal = {Discrete Mathematics},
	Issn = {0012-365X},
	Journal = {Discrete Math.},
	Mrclass = {52C35},
	Mrnumber = {1691861},
	Mrreviewer = {Johann Linhart},
	Number = {1-3},
	Pages = {27--39},
	Title = {A simple bijection for the regions of the {S}hi arrangement of hyperplanes},
	Url = {https://mathscinet.ams.org/mathscinet-getitem?mr=1691861},
	Volume = {204},
	Year = {1999},
	Bdsk-Url-1 = {https://mathscinet.ams.org/mathscinet-getitem?mr=1691861}}

@article{Athanasiadis-EuJC,
	Author = {Athanasiadis, Christos A.},
	Date-Added = {2020-04-16 16:16:02 -0700},
	Date-Modified = {2020-04-16 16:16:17 -0700},
	Doi = {10.1006/eujc.1997.0149},
	Fjournal = {European Journal of Combinatorics},
	Issn = {0195-6698},
	Journal = {European J. Combin.},
	Mrclass = {52B30},
	Mrnumber = {1600259},
	Mrreviewer = {Hiroaki Terao},
	Number = {1},
	Pages = {7--18},
	Title = {On free deformations of the braid arrangement},
	Url = {https://mathscinet.ams.org/mathscinet-getitem?mr=1600259},
	Volume = {19},
	Year = {1998},
	Bdsk-Url-1 = {https://mathscinet.ams.org/mathscinet-getitem?mr=1600259}}

@article{Athanasiadis-slides,
	Author = {Athanasiadis, Christos A.},
	Date-Added = {2020-04-16 16:15:29 -0700},
	Date-Modified = {2020-04-16 16:15:47 -0700},
	Fjournal = {S\'{e}minaire Lotharingien de Combinatoire},
	Journal = {S\'{e}m. Lothar. Combin.},
	Mrclass = {05E05 (05A05 05A15 05E45 06A11 20B30 20F55)},
	Mrnumber = {3878174},
	Mrreviewer = {Christian Stump},
	Pages = {Art. B77i, 64},
	Title = {Gamma-positivity in combinatorics and geometry},
	Url = {https://mathscinet.ams.org/mathscinet-getitem?mr=3878174},
	Volume = {77},
	Year = {[2016-2018]},
	Bdsk-Url-1 = {https://mathscinet.ams.org/mathscinet-getitem?mr=3878174}}

@article{Athanasiadis-JACo,
	Author = {Athanasiadis, Christos A.},
	Date-Added = {2020-04-16 16:13:12 -0700},
	Date-Modified = {2020-04-16 16:14:30 -0700},
	Doi = {10.1023/A:1018778031648},
	Fjournal = {Journal of Algebraic Combinatorics. An International Journal},
	Issn = {0925-9899},
	Journal = {J. Algebraic Combin.},
	Mrclass = {52C35 (05E99)},
	Mrnumber = {1723184},
	Mrreviewer = {Dmitry N. Kozlov},
	Number = {3},
	Pages = {207--225},
	Title = {Extended {L}inial hyperplane arrangements for root systems and a conjecture of {P}ostnikov and {S}tanley},
	Url = {https://mathscinet.ams.org/mathscinet-getitem?mr=1723184},
	Volume = {10},
	Year = {1999},
	Bdsk-Url-1 = {https://mathscinet.ams.org/mathscinet-getitem?mr=1723184}}

@incollection{Athanasiadis-survey,
	Author = {Athanasiadis, Christos A.},
	Booktitle = {Arrangements---{T}okyo 1998},
	Date-Added = {2020-04-16 16:12:01 -0700},
	Date-Modified = {2020-04-16 16:12:23 -0700},
	Doi = {10.2969/aspm/02710001},
	Mrclass = {52C35 (20F55)},
	Mrnumber = {1796891},
	Pages = {1--26},
	Publisher = {Kinokuniya, Tokyo},
	Series = {Adv. Stud. Pure Math.},
	Title = {Deformations of {C}oxeter hyperplane arrangements and their characteristic polynomials},
	Url = {https://mathscinet.ams.org/mathscinet-getitem?mr=1796891},
	Volume = {27},
	Year = {2000},
	Bdsk-Url-1 = {https://mathscinet.ams.org/mathscinet-getitem?mr=1796891}}

@article{Athanasiadis-Advances,
	Author = {Athanasiadis, Christos A.},
	Date-Added = {2020-04-16 16:10:59 -0700},
	Date-Modified = {2020-04-16 16:11:23 -0700},
	Doi = {10.1006/aima.1996.0059},
	Fjournal = {Advances in Mathematics},
	Issn = {0001-8708},
	Journal = {Adv. Math.},
	Mrclass = {52B30 (05E99 20C30)},
	Mrnumber = {1409420},
	Mrreviewer = {Hiroaki Terao},
	Number = {2},
	Pages = {193--233},
	Title = {Characteristic polynomials of subspace arrangements and finite fields},
	Url = {https://mathscinet.ams.org/mathscinet-getitem?mr=1409420},
	Volume = {122},
	Year = {1996},
	Bdsk-Url-1 = {https://mathscinet.ams.org/mathscinet-getitem?mr=1409420}}

@incollection{GesselQSym,
	Author = {Gessel, Ira M.},
	Booktitle = {Combinatorics and algebra ({B}oulder, {C}olo., 1983)},
	Date-Added = {2020-03-31 03:07:55 -0700},
	Date-Modified = {2020-03-31 03:08:13 -0700},
	Doi = {10.1090/conm/034/777705},
	Mrclass = {05A17 (20C30)},
	Mrnumber = {777705},
	Mrreviewer = {J. D\'{e}sarm\'{e}nien},
	Pages = {289--317},
	Publisher = {Amer. Math. Soc., Providence, RI},
	Series = {Contemp. Math.},
	Title = {Multipartite {$P$}-partitions and inner products of skew {S}chur functions},
	Url = {https://mathscinet.ams.org/mathscinet-getitem?mr=777705},
	Volume = {34},
	Year = {1984},
	Bdsk-Url-1 = {https://mathscinet.ams.org/mathscinet-getitem?mr=777705}}

@article{GriffinOSP,
	Author = {Sean T. Griffin},
	Date-Modified = {2020-04-20 12:24:14 -0700},
	Howpublished = {Accepted},
	Journal = {Trans. Amer. Math. Soc.},
	Title = {Ordered set partitions, {G}arsia-{P}rocesi modules, and rank varieties},
	Year = {Accepted, 2020}}

@unpublished{Griffin-GPMod-FPSAC,
	Author = {Sean T. Griffin},
	Date-Added = {2020-02-26 15:53:04 -0800},
	Date-Modified = {2020-05-16 13:50:15 -0700},
	Note = {Extended abstract. {T}o appear in {S}{\'e}m. {L}othar. {C}ombin.},
	Title = {Ordered set partitions, {T}anisaki ideals, and rank varieties},
	Year = {2020}}

@article{Tymoczko-LinearConditions,
	Author = {Tymoczko, Julianna S.},
	Date-Added = {2020-02-24 15:22:50 -0800},
	Date-Modified = {2020-02-24 15:23:12 -0800},
	Fjournal = {American Journal of Mathematics},
	Journal = {Amer. J. Math.},
	Mrclass = {14M15 (05E15 14L35 20G20)},
	Mrnumber = {2275912},
	Mrreviewer = {James E. Humphreys},
	Number = {6},
	Pages = {1587--1604},
	Title = {Linear conditions imposed on flag varieties},
	Volume = {128},
	Year = {2006},
	Bdsk-Url-1 = {https://mathscinet.ams.org/mathscinet-getitem?mr=2275912}}

@article{Pawlowski-Rhoades,
	Author = {Pawlowski, Brendan and Rhoades, Brendon},
	Date-Added = {2020-02-22 17:02:28 -0800},
	Date-Modified = {2020-02-22 17:02:59 -0800},
	Doi = {10.1090/tran/7918},
	Fjournal = {Transactions of the American Mathematical Society},
	Journal = {Trans. Amer. Math. Soc.},
	Mrclass = {05E05 (05E10 14M15)},
	Mrnumber = {4029695},
	Number = {11},
	Pages = {8195--8248},
	Title = {A flag variety for the {D}elta {C}onjecture},
	Volume = {372},
	Year = {2019},
	Bdsk-Url-1 = {https://mathscinet.ams.org/mathscinet-getitem?mr=4029695}}

@article{Rhoades-Wilson-Stirling,
	Author = {Rhoades, Brendon and Wilson, Andrew Timothy},
	Date-Added = {2020-02-19 15:04:32 -0800},
	Date-Modified = {2020-02-19 15:04:55 -0800},
	Doi = {10.4310/JOC.2019.v10.n3.a1},
	Fjournal = {Journal of Combinatorics},
	Journal = {J. Comb.},
	Mrclass = {05A17 (05A05 05A15 11B73)},
	Mrnumber = {3960509},
	Number = {3},
	Pages = {411--431},
	Title = {Line configurations and {$r$}-{S}tirling partitions},
	Volume = {10},
	Year = {2019},
	Bdsk-Url-1 = {https://mathscinet.ams.org/mathscinet-getitem?mr=3960509}}

@article{Hotta-Springer,
	Author = {Hotta, R. and Springer, T. A.},
	Date-Added = {2020-02-08 15:36:27 -0800},
	Date-Modified = {2020-02-08 15:36:39 -0800},
	Doi = {10.1007/BF01418371},
	Fjournal = {Inventiones Mathematicae},
	Journal = {Invent. Math.},
	Mrclass = {20G05},
	Mrnumber = {486164},
	Mrreviewer = {G. Lusztig},
	Number = {2},
	Pages = {113--127},
	Title = {A specialization theorem for certain {W}eyl group representations and an application to the {G}reen polynomials of unitary groups},
	Volume = {41},
	Year = {1977},
	Bdsk-Url-1 = {https://mathscinet.ams.org/mathscinet-getitem?mr=486164}}

@article{LLT,
	Author = {Lascoux, Alain and Leclerc, Bernard and Thibon, Jean-Yves},
	Date-Added = {2020-02-03 15:41:00 -0800},
	Date-Modified = {2020-02-03 15:41:11 -0800},
	Doi = {10.1063/1.531807},
	Fjournal = {Journal of Mathematical Physics},
	Journal = {J. Math. Phys.},
	Mrclass = {05E10 (05E05 33D80 81R10)},
	Mrnumber = {1434225},
	Mrreviewer = {Thomas Scharf},
	Number = {2},
	Pages = {1041--1068},
	Title = {Ribbon tableaux, {H}all-{L}ittlewood functions, quantum affine algebras, and unipotent varieties},
	Volume = {38},
	Year = {1997},
	Bdsk-Url-1 = {https://mathscinet.ams.org/mathscinet-getitem?mr=1434225}}

@article{GillespieThesis,
	Author = {Monks Gillespie, Maria},
	Date-Added = {2020-01-30 17:59:05 -0800},
	Date-Modified = {2020-02-19 14:07:02 -0800},
	Fjournal = {Electronic Journal of Combinatorics},
	Journal = {Electron. J. Combin.},
	Mrclass = {05E05},
	Mrnumber = {3512660},
	Number = {2},
	Pages = {P2.38, 64},
	Title = {A combinatorial approach to the {$q,t$}-symmetry relation in {M}acdonald polynomials},
	Volume = {23},
	Year = {2016},
	Bdsk-Url-1 = {https://mathscinet.ams.org/mathscinet-getitem?mr=3512660}}

@misc{Rhoades-Yu-Zhao,
	Author = {Brendon Rhoades and Tianyi Yu and Zehong Zhao},
	Date-Added = {2020-01-16 16:59:14 -0700},
	Date-Modified = {2020-05-16 13:29:10 -0700},
	Howpublished = {arXiv:2004.00767},
	Title = {Harmonic bases for generalized coinvariant algebras},
	Year = {2020}}
	


@misc{Mand,
	Author = {S. Corteel and O. Mandelshtam and L. Williams},
	Date-Added = {2019-12-31 14:37:18 -0800},
	Date-Modified = {2020-04-20 12:24:51 -0700},
	Howpublished = {arXiv:1811.01024},
	Title = {From multiline queues to Macdonald polynomials via the exclusion process},
	Year = {2019}}

@article{Preville-Ratelle-Viennot,
	Author = {Pr\'{e}ville-Ratelle, Louis-Fran\c{c}ois and Viennot, Xavier},
	Date-Added = {2019-12-31 14:16:29 -0800},
	Date-Modified = {2020-04-16 18:48:29 -0700},
	Doi = {10.1090/tran/7004},
	Fjournal = {Transactions of the American Mathematical Society},
	Issn = {0002-9947},
	Journal = {Trans. Amer. Math. Soc.},
	Mrclass = {05A15 (05C30 05E10 05E40 06A07)},
	Mrnumber = {3632566},
	Mrreviewer = {Konrad P. Pi\'{o}ro},
	Number = {7},
	Pages = {5219--5239},
	Title = {The enumeration of generalized {T}amari intervals},
	Url = {https://mathscinet.ams.org/mathscinet-getitem?mr=3632566},
	Volume = {369},
	Year = {2017},
	Bdsk-Url-1 = {https://mathscinet.ams.org/mathscinet-getitem?mr=3632566}}

@misc{Zabrocki,
	Abstract = {{We define a module that is an extension of the diagonal harmonics and
        whose graded Frobenius characteristic is conjectured to be the
        symmetric function expression which appears in `the Delta
        conjecture' of Haglund, Remmel and Wilson [arXiv:1509.07058].}},
	Author = {{Zabrocki}, Mike},
	Date-Added = {2019-10-27 14:38:00 -0700},
	Date-Modified = {2020-04-20 12:26:55 -0700},
	Howpublished = {arXiv:1902.08966},
	Title = {A module for the {D}elta conjecture},
	Year = {2019}}

@article{HaimanConjs,
	Author = {Haiman, Mark},
	Date-Added = {2019-10-27 14:31:53 -0700},
	Date-Modified = {2019-10-27 14:33:22 -0700},
	Doi = {10.1023/A:1022450120589},
	Fjournal = {Journal of Algebraic Combinatorics. An International Journal},
	Journal = {J. Algebraic Combin.},
	Mrclass = {20C30 (05E05)},
	Mrnumber = {1256101},
	Mrreviewer = {A. O. Morris},
	Number = {1},
	Pages = {17--76},
	Title = {Conjectures on the quotient ring by diagonal invariants},
	Volume = {3},
	Year = {1994},
	Bdsk-Url-1 = {https://mathscinet.ams.org/mathscinet-getitem?mr=1256101}}

@article{Wilson,
	Author = {Wilson, Andrew Timothy},
	Date-Added = {2019-10-20 16:36:13 -0700},
	Date-Modified = {2020-02-19 14:06:52 -0800},
	Fjournal = {Electronic Journal of Combinatorics},
	Journal = {Electron. J. Combin.},
	Mrclass = {05A19 (05A05 05A18 05E05)},
	Mrnumber = {3484710},
	Mrreviewer = {Zhicong Lin},
	Number = {1},
	Pages = {P1.5, 21},
	Title = {An extension of {M}ac{M}ahon's equidistribution theorem to ordered multiset partitions},
	Volume = {23},
	Year = {2016},
	Bdsk-Url-1 = {https://mathscinet.ams.org/mathscinet-getitem?mr=3484710}}

@article{Gessel-Griffin-Tewari,
	Author = {Gessel, Ira M. and Griffin, Sean T. and Tewari, Vasu},
	Date-Added = {2019-09-27 12:49:19 -0700},
	Date-Modified = {2019-09-27 12:49:31 -0700},
	Doi = {10.1016/j.aim.2019.106814},
	Fjournal = {Advances in Mathematics},
	Issn = {0001-8708},
	Journal = {Adv. Math.},
	Mrclass = {05A19 (05A05 05E05 05E10 05E18 06A07)},
	Mrnumber = {4008007},
	Pages = {106814},
	Title = {Labeled binary trees, subarrangements of the {C}atalan arrangements, and {S}chur positivity},
	Url = {https://mathscinet.ams.org/mathscinet-getitem?mr=4008007},
	Volume = {356},
	Year = {2019},
	Bdsk-Url-1 = {https://mathscinet.ams.org/mathscinet-getitem?mr=4008007}}

@article{Carlsson-Mellit,
	Author = {Carlsson, Erik and Mellit, Anton},
	Date-Added = {2019-09-27 12:16:21 -0700},
	Date-Modified = {2019-09-27 12:17:13 -0700},
	Doi = {10.1090/jams/893},
	Fjournal = {Journal of the American Mathematical Society},
	Journal = {J. Amer. Math. Soc.},
	Mrclass = {05E10 (05E05 33D52)},
	Mrnumber = {3787405},
	Mrreviewer = {Tanja Stojadinovi\'{c}},
	Number = {3},
	Pages = {661--697},
	Title = {A proof of the shuffle conjecture},
	Volume = {31},
	Year = {2018},
	Bdsk-Url-1 = {https://mathscinet.ams.org/mathscinet-getitem?mr=3787405}}

@article{HHLplus,
	Author = {Haglund, J. and Haiman, M. and Loehr, N. and Remmel, J. B. and Ulyanov, A.},
	Date-Added = {2019-09-27 12:15:35 -0700},
	Date-Modified = {2019-09-27 12:16:04 -0700},
	Doi = {10.1215/S0012-7094-04-12621-1},
	Fjournal = {Duke Mathematical Journal},
	Journal = {Duke Math. J.},
	Mrclass = {05E10 (05A30 20C30)},
	Mrnumber = {2115257},
	Mrreviewer = {Edward E. Allen},
	Number = {2},
	Pages = {195--232},
	Title = {A combinatorial formula for the character of the diagonal coinvariants},
	Volume = {126},
	Year = {2005},
	Bdsk-Url-1 = {https://mathscinet.ams.org/mathscinet-getitem?mr=2115257}}

@article{Haiman02,
	Author = {Haiman, Mark},
	Date-Added = {2019-09-27 12:14:31 -0700},
	Date-Modified = {2019-09-27 12:14:45 -0700},
	Doi = {10.1007/s002220200219},
	Fjournal = {Inventiones Mathematicae},
	Journal = {Invent. Math.},
	Mrclass = {14C05 (05E05 14F17 14R20)},
	Mrnumber = {1918676},
	Mrreviewer = {Claudio Procesi},
	Number = {2},
	Pages = {371--407},
	Title = {Vanishing theorems and character formulas for the {H}ilbert scheme of points in the plane},
	Volume = {149},
	Year = {2002},
	Bdsk-Url-1 = {https://mathscinet.ams.org/mathscinet-getitem?mr=1918676}}

@article{Haiman01,
	Author = {Haiman, Mark},
	Date-Added = {2019-09-27 12:11:54 -0700},
	Date-Modified = {2019-09-27 12:12:23 -0700},
	Doi = {10.1090/S0894-0347-01-00373-3},
	Fjournal = {Journal of the American Mathematical Society},
	Journal = {J. Amer. Math. Soc.},
	Mrclass = {14C05 (05E05 20C30 33D45)},
	Mrnumber = {1839919},
	Mrreviewer = {Claudio Procesi},
	Number = {4},
	Pages = {941--1006},
	Title = {Hilbert schemes, polygraphs and the {M}acdonald positivity conjecture},
	Volume = {14},
	Year = {2001},
	Bdsk-Url-1 = {https://mathscinet.ams.org/mathscinet-getitem?mr=1839919}}

@article{Vargas,
	Author = {Vargas, J. A.},
	Date-Added = {2019-09-27 12:07:22 -0700},
	Date-Modified = {2019-09-27 12:07:34 -0700},
	Fjournal = {Bolet\'{\i}n de la Sociedad Matem\'{a}tica Mexicana. Segunda Serie},
	Journal = {Bol. Soc. Mat. Mexicana (2)},
	Mrclass = {14L30 (15A30)},
	Mrnumber = {579665},
	Mrreviewer = {Wim H. Hesselink},
	Number = {1},
	Pages = {1--14},
	Title = {Fixed points under the action of unipotent elements of {${\rm SL}_{n}$} in the flag variety},
	Volume = {24},
	Year = {1979},
	Bdsk-Url-1 = {https://mathscinet.ams.org/mathscinet-getitem?mr=579665}}

@article{Fung,
	Author = {Fung, Francis Y. C.},
	Date-Added = {2019-09-27 12:06:27 -0700},
	Date-Modified = {2019-09-27 12:06:38 -0700},
	Doi = {10.1016/S0001-8708(02)00072-5},
	Fjournal = {Advances in Mathematics},
	Journal = {Adv. Math.},
	Mrclass = {20G05 (14L10 17B20)},
	Mrnumber = {1994220},
	Mrreviewer = {Jorge A. Vargas},
	Number = {2},
	Pages = {244--276},
	Title = {On the topology of components of some {S}pringer fibers and their relation to {K}azhdan-{L}usztig theory},
	Url = {https://mathscinet.ams.org/mathscinet-getitem?mr=1994220},
	Volume = {178},
	Year = {2003},
	Bdsk-Url-1 = {https://mathscinet.ams.org/mathscinet-getitem?mr=1994220}}

@article{Fresse-Melnikov,
	Author = {Fresse, Lucas and Melnikov, Anna},
	Date-Added = {2019-09-27 12:05:28 -0700},
	Date-Modified = {2019-09-27 12:10:12 -0700},
	Doi = {10.1007/s00029-010-0025-z},
	Fjournal = {Selecta Mathematica. New Series},
	Journal = {Selecta Math. (N.S.)},
	Mrclass = {14M15 (20G05)},
	Mrnumber = {2734337},
	Mrreviewer = {Eric N. Sommers},
	Number = {3},
	Pages = {393--418},
	Title = {On the singularity of the irreducible components of a {S}pringer fiber in {$\mathfrak{sl}_n$}},
	Url = {https://mathscinet.ams.org/mathscinet-getitem?mr=2734337},
	Volume = {16},
	Year = {2010},
	Bdsk-Url-1 = {https://mathscinet.ams.org/mathscinet-getitem?mr=2734337}}

@article{Spaltenstein,
	Author = {Spaltenstein, N.},
	Date-Added = {2019-09-27 12:00:49 -0700},
	Date-Modified = {2019-10-28 16:28:54 -0700},
	Journal = {Nederl. Akad. Wetensch. Proc. Ser. A, 79 Indag. Math.},
	Mrclass = {14M15 (20G05)},
	Mrnumber = {0485901},
	Mrreviewer = {J. S. Joel},
	Number = {5},
	Pages = {452--456},
	Title = {The fixed point set of a unipotent transformation on the flag manifold},
	Volume = {38},
	Year = {1976},
	Bdsk-Url-1 = {https://mathscinet.ams.org/mathscinet-getitem?mr=0485901}}

@article{Borel,
	Author = {Borel, Armand},
	Date-Added = {2019-09-27 11:55:07 -0700},
	Date-Modified = {2019-09-27 11:55:24 -0700},
	Doi = {10.2307/1969728},
	Fjournal = {Annals of Mathematics. Second Series},
	Journal = {Ann. of Math. (2)},
	Mrclass = {56.0X},
	Mrnumber = {51508},
	Mrreviewer = {S. Chern},
	Pages = {115--207},
	Title = {Sur la cohomologie des espaces fibr\'{e}s principaux et des espaces homog{\`e}nes de groupes de {L}ie compacts},
	Volume = {57},
	Year = {1953},
	Bdsk-Url-1 = {https://mathscinet.ams.org/mathscinet-getitem?mr=51508}}

@article{LS,
	Author = {Lascoux, Alain and Sch\"{u}tzenberger, Marcel-Paul},
	Date-Added = {2019-09-27 11:50:50 -0700},
	Date-Modified = {2019-09-27 11:51:10 -0700},
	Fjournal = {Comptes Rendus Hebdomadaires des S\'{e}ances de l'Acad\'{e}mie des Sciences. S\'{e}ries A et B},
	Journal = {C. R. Acad. Sci. Paris S\'{e}r. A-B},
	Mrclass = {20C30 (14M15)},
	Mrnumber = {472993},
	Number = {7},
	Pages = {A323--A324},
	Title = {Sur une conjecture de {H}. {O}. {F}oulkes},
	Url = {https://mathscinet.ams.org/mathscinet-getitem?mr=472993},
	Volume = {286},
	Year = {1978},
	Bdsk-Url-1 = {https://mathscinet.ams.org/mathscinet-getitem?mr=472993}}

@article{Kaliszewski-Morse,
	Author = {Kaliszewski, Ryan and Morse, Jennifer},
	Date-Added = {2019-09-27 09:54:54 -0700},
	Date-Modified = {2019-09-27 09:55:08 -0700},
	Doi = {10.1016/j.ejc.2019.05.006},
	Fjournal = {European Journal of Combinatorics},
	Journal = {European J. Combin.},
	Mrclass = {05E05},
	Mrnumber = {3979340},
	Pages = {354--377},
	Title = {Colorful combinatorics and {M}acdonald polynomials},
	Url = {https://mathscinet.ams.org/mathscinet-getitem?mr=3979340},
	Volume = {81},
	Year = {2019},
	Bdsk-Url-1 = {https://mathscinet.ams.org/mathscinet-getitem?mr=3979340}}

@article{Kostant,
	Author = {Kostant, Bertram},
	Date-Added = {2019-09-13 17:01:09 -0700},
	Date-Modified = {2019-09-13 17:01:22 -0700},
	Doi = {10.2307/2373130},
	Fjournal = {American Journal of Mathematics},
	Journal = {Amer. J. Math.},
	Mrclass = {22.60 (20.80)},
	Mrnumber = {158024},
	Mrreviewer = {J. L. Koszul},
	Pages = {327--404},
	Title = {Lie group representations on polynomial rings},
	Url = {https://mathscinet.ams.org/mathscinet-getitem?mr=158024},
	Volume = {85},
	Year = {1963},
	Bdsk-Url-1 = {https://mathscinet.ams.org/mathscinet-getitem?mr=158024}}

@incollection{Kraft,
	Author = {Kraft, Hanspeter},
	Booktitle = {Young tableaux and {S}chur functors in algebra and geometry ({T}oru\'{n}, 1980)},
	Date-Added = {2019-09-12 12:21:47 -0700},
	Date-Modified = {2019-09-12 12:22:07 -0700},
	Mrclass = {20C30 (14B05 14L30 14M15)},
	Mrnumber = {646820},
	Mrreviewer = {V. L. Popov},
	Pages = {191--205},
	Publisher = {Soc. Math. France, Paris},
	Series = {Ast\'{e}risque},
	Title = {Conjugacy classes and {W}eyl group representations},
	Url = {https://mathscinet.ams.org/mathscinet-getitem?mr=646820},
	Volume = {87},
	Year = {1981},
	Bdsk-Url-1 = {https://mathscinet.ams.org/mathscinet-getitem?mr=646820}}

@article{Remmel-Wilson,
	Author = {Remmel, Jeffrey B. and Wilson, Andrew Timothy},
	Date-Added = {2019-09-11 13:43:33 -0700},
	Date-Modified = {2019-09-11 13:43:49 -0700},
	Doi = {10.1016/j.jcta.2015.03.012},
	Fjournal = {Journal of Combinatorial Theory. Series A},
	Journal = {J. Combin. Theory Ser. A},
	Mrclass = {05A18 (05A15)},
	Mrnumber = {3345306},
	Mrreviewer = {Damir Yeliussizov},
	Pages = {242--277},
	Title = {An extension of {M}ac{M}ahon's equidistribution theorem to ordered set partitions},
	Url = {https://mathscinet.ams.org/mathscinet-getitem?mr=3345306},
	Volume = {134},
	Year = {2015},
	Bdsk-Url-1 = {https://mathscinet.ams.org/mathscinet-getitem?mr=3345306}}

@book{Eisenbud,
	Author = {Eisenbud, David},
	Date-Added = {2019-09-10 10:58:03 -0700},
	Date-Modified = {2020-02-24 16:27:44 -0800},
	Doi = {10.1007/978-1-4612-5350-1},
	Mrclass = {13-01 (14A05)},
	Mrnumber = {1322960},
	Mrreviewer = {Matthew Miller},
	Pages = {xvi+785},
	Publisher = {Springer-Verlag, New York},
	Series = {Graduate Texts in Mathematics},
	Title = {Commutative algebra},
	Url = {https://mathscinet.ams.org/mathscinet-getitem?mr=1322960},
	Volume = {150},
	Year = {1995},
	Bdsk-Url-1 = {https://mathscinet.ams.org/mathscinet-getitem?mr=1322960}}

@article{Church-Ellenberg-Farb,
	Author = {Church, Thomas and Ellenberg, Jordan S. and Farb, Benson},
	Date-Added = {2019-09-10 09:12:34 -0700},
	Date-Modified = {2019-09-27 14:05:02 -0700},
	Doi = {10.1215/00127094-3120274},
	Fjournal = {Duke Mathematical Journal},
	Journal = {Duke Math. J.},
	Mrclass = {20C30 (05E10 18B99 55R80)},
	Mrnumber = {3357185},
	Mrreviewer = {Nadia P. Mazza},
	Number = {9},
	Pages = {1833--1910},
	Title = {F{I}-modules and stability for representations of symmetric groups},
	Url = {https://mathscinet.ams.org/mathscinet-getitem?mr=3357185},
	Volume = {164},
	Year = {2015},
	Bdsk-Url-1 = {https://mathscinet.ams.org/mathscinet-getitem?mr=3357185}}

@article{Draisma-Kuttler,
	Author = {Draisma, Jan and Kuttler, Jochen},
	Date-Added = {2019-09-10 09:11:49 -0700},
	Date-Modified = {2019-09-10 09:12:01 -0700},
	Doi = {10.1215/00127094-2405170},
	Fjournal = {Duke Mathematical Journal},
	Journal = {Duke Math. J.},
	Mrclass = {14A10 (15A69)},
	Mrnumber = {3161311},
	Mrreviewer = {Roberto Mu\~{n}oz},
	Number = {1},
	Pages = {35--63},
	Title = {Bounded-rank tensors are defined in bounded degree},
	Url = {https://mathscinet.ams.org/mathscinet-getitem?mr=3161311},
	Volume = {163},
	Year = {2014},
	Bdsk-Url-1 = {https://mathscinet.ams.org/mathscinet-getitem?mr=3161311}}

@book{Macdonald,
	Author = {Macdonald, I. G.},
	Date-Added = {2019-09-09 17:38:49 -0700},
	Date-Modified = {2020-03-31 02:48:12 -0700},
	Edition = {Second},
	Mrclass = {05E05 (05-02 20C30 20C33 20K01 33C80 33D80)},
	Mrnumber = {1354144},
	Mrreviewer = {John R. Stembridge},
	Pages = {x+475},
	Publisher = {The Clarendon Press, Oxford University Press, New York},
	Series = {Oxford Mathematical Monographs},
	Title = {Symmetric functions and {H}all polynomials},
	Url = {https://mathscinet.ams.org/mathscinet-getitem?mr=1354144},
	Year = {1995},
	Bdsk-Url-1 = {https://mathscinet.ams.org/mathscinet-getitem?mr=1354144}}

@article{Billey-Coskun,
	Author = {Billey, Sara and Coskun, Izzet},
	Date-Added = {2019-09-09 09:53:30 -0700},
	Date-Modified = {2019-09-09 09:53:44 -0700},
	Doi = {10.1080/00927872.2011.551903},
	Fjournal = {Communications in Algebra},
	Journal = {Comm. Algebra},
	Mrclass = {14M15 (14E15 14L30 14M17)},
	Mrnumber = {2912998},
	Mrreviewer = {Ruifang Song},
	Number = {4},
	Pages = {1466--1495},
	Title = {Singularities of generalized {R}ichardson varieties},
	Url = {https://mathscinet.ams.org/mathscinet-getitem?mr=2912998},
	Volume = {40},
	Year = {2012},
	Bdsk-Url-1 = {https://mathscinet.ams.org/mathscinet-getitem?mr=2912998}}

@incollection{Tymoczko,
	Author = {Tymoczko, Julianna},
	Booktitle = {Around {L}anglands correspondences},
	Date-Added = {2019-09-07 12:11:58 -0700},
	Date-Modified = {2019-09-07 12:12:20 -0700},
	Mrclass = {14M15 (05E10 14N15 20C30)},
	Mrnumber = {3666060},
	Mrreviewer = {Pierre-Emmanuel Chaput},
	Pages = {359--376},
	Publisher = {Amer. Math. Soc., Providence, RI},
	Series = {Contemp. Math.},
	Title = {The geometry and combinatorics of {S}pringer fibers},
	Volume = {691},
	Year = {2017},
	Bdsk-Url-1 = {https://mathscinet.ams.org/mathscinet-getitem?mr=3666060}}

@book{CG,
	Author = {Chriss, Neil and Ginzburg, Victor},
	Date-Added = {2019-09-06 17:37:59 -0700},
	Date-Modified = {2019-09-06 17:38:16 -0700},
	Mrclass = {22E47 (14F99 19L47 20G05 22-02 58F05)},
	Mrnumber = {1433132},
	Mrreviewer = {William M. McGovern},
	Pages = {x+495},
	Publisher = {Birkh\"{a}user Boston, Inc., Boston, MA},
	Title = {Representation theory and complex geometry},
	Year = {1997},
	Bdsk-Url-1 = {https://mathscinet.ams.org/mathscinet-getitem?mr=1433132}}

@article{HRW,
	Author = {Haglund, J. and Remmel, J. B. and Wilson, A. T.},
	Date-Added = {2019-09-06 14:45:30 -0700},
	Date-Modified = {2020-02-19 13:45:36 -0800},
	Doi = {10.1090/tran/7096},
	Fjournal = {Transactions of the American Mathematical Society},
	Journal = {Trans. Amer. Math. Soc.},
	Mrclass = {05E05},
	Mrnumber = {3811519},
	Mrreviewer = {David J. Grabiner},
	Number = {6},
	Pages = {4029--4057},
	Title = {The {D}elta {C}onjecture},
	Volume = {370},
	Year = {2018},
	Bdsk-Url-1 = {https://mathscinet.ams.org/mathscinet-getitem?mr=3811519}}

@book{Bergeron,
	Author = {Bergeron, Fran\c{c}ois},
	Date-Added = {2019-09-06 13:25:46 -0700},
	Date-Modified = {2019-09-06 13:26:03 -0700},
	Doi = {10.1201/b10583},
	Mrclass = {05-01 (05Exx 13A50 20C30)},
	Mrnumber = {2538310},
	Mrreviewer = {Marc A. A. van Leeuwen},
	Pages = {viii+221},
	Publisher = {Canadian Mathematical Society, Ottawa, ON; A K Peters, Ltd., Wellesley, MA},
	Series = {CMS Treatises in Mathematics},
	Title = {Algebraic combinatorics and coinvariant spaces},
	Year = {2009},
	Bdsk-Url-1 = {https://mathscinet.ams.org/mathscinet-getitem?mr=2538310}}

@article{Springer-TrigSum,
	Author = {Springer, T. A.},
	Date-Added = {2019-08-15 16:51:09 -0700},
	Date-Modified = {2019-08-15 16:51:33 -0700},
	Doi = {10.1007/BF01390009},
	Fjournal = {Inventiones Mathematicae},
	Journal = {Invent. Math.},
	Mrclass = {20G05},
	Mrnumber = {0442103},
	Mrreviewer = {G. Lusztig},
	Pages = {173--207},
	Title = {Trigonometric sums, {G}reen functions of finite groups and representations of {W}eyl groups},
	Year = {1976},
	Bdsk-Url-1 = {https://mathscinet.ams.org/mathscinet-getitem?mr=0442103}}

@article{Springer-WeylGrpReps,
	Author = {Springer, T. A.},
	Date-Added = {2019-08-15 16:51:04 -0700},
	Date-Modified = {2019-08-15 16:51:50 -0700},
	Doi = {10.1007/BF01403165},
	Fjournal = {Inventiones Mathematicae},
	Journal = {Invent. Math.},
	Mrclass = {20G05 (20H15)},
	Mrnumber = {0491988},
	Mrreviewer = {G. I. Lehrer},
	Number = {3},
	Pages = {279--293},
	Title = {A construction of representations of {W}eyl groups},
	Volume = {44},
	Year = {1978},
	Bdsk-Url-1 = {https://mathscinet.ams.org/mathscinet-getitem?mr=0491988}}

@article{HHL,
	Author = {Haglund, J. and Haiman, M. and Loehr, N.},
	Date-Added = {2019-08-06 13:52:32 -0700},
	Date-Modified = {2019-08-06 13:52:47 -0700},
	Doi = {10.1090/S0894-0347-05-00485-6},
	Fjournal = {Journal of the American Mathematical Society},
	Journal = {J. Amer. Math. Soc.},
	Mrclass = {05E05},
	Mrnumber = {2138143},
	Mrreviewer = {Frank Sottile},
	Number = {3},
	Pages = {735--761},
	Title = {A combinatorial formula for {M}acdonald polynomials},
	Volume = {18},
	Year = {2005},
	Bdsk-Url-1 = {https://mathscinet.ams.org/mathscinet-getitem?mr=2138143}}

@article{Haglund,
	Author = {Haglund, J.},
	Date-Added = {2019-08-06 13:39:50 -0700},
	Date-Modified = {2019-08-06 13:40:14 -0700},
	Doi = {10.1073/pnas.0405567101},
	Fjournal = {Proceedings of the National Academy of Sciences of the United States of America},
	Journal = {Proc. Natl. Acad. Sci. USA},
	Mrclass = {05E05},
	Mrnumber = {2114585},
	Mrreviewer = {Ira Gessel},
	Number = {46},
	Pages = {16127--16131},
	Title = {A combinatorial model for the {M}acdonald polynomials},
	Volume = {101},
	Year = {2004},
	Bdsk-Url-1 = {https://mathscinet.ams.org/mathscinet-getitem?mr=2114585}}

@article{CoxLittleOshea,
	Author = {Cox, David and Little, John and O'Shea, Donal},
	Date-Added = {2019-03-31 11:42:26 -0700},
	Date-Modified = {2019-03-31 11:42:41 -0700},
	Doi = {10.1007/978-0-387-35651-8},
	Journal = {Undergraduate Texts in Mathematics},
	Publisher = {Springer New York},
	Title = {Ideals, Varieties, and Algorithms},
	Url = {http://dx.doi.org/10.1007/978-0-387-35651-8},
	Year = {2007},
	Bdsk-Url-1 = {http://dx.doi.org/10.1007/978-0-387-35651-8}}

@article{Weyman,
	Author = {Weyman, J.},
	Date-Added = {2019-03-30 14:33:32 -0700},
	Date-Modified = {2020-02-24 16:30:56 -0800},
	Doi = {10.1007/bf01388851},
	Journal = {Invent. Math.},
	Month = {Jun},
	Number = {2},
	Pages = {229--245},
	Publisher = {Springer Nature},
	Title = {The equations of conjugacy classes of nilpotent matrices},
	Url = {http://dx.doi.org/10.1007/BF01388851},
	Volume = {98},
	Year = {1989},
	Bdsk-Url-1 = {http://dx.doi.org/10.1007/BF01388851},
	Bdsk-Url-2 = {http://dx.doi.org/10.1007/bf01388851}}

@article{Eisenbud-Saltman,
	Author = {Eisenbud, David and Saltman, David},
	Date-Added = {2019-03-30 14:33:18 -0700},
	Date-Modified = {2019-03-30 14:34:11 -0700},
	Doi = {10.1007/978-1-4612-3660-3_9},
	Journal = {Commutative Algebra},
	Pages = {173--212},
	Publisher = {Springer New York},
	Title = {Rank Varieties of Matrices},
	Url = {http://dx.doi.org/10.1007/978-1-4612-3660-3_9},
	Year = {1989},
	Bdsk-Url-1 = {http://dx.doi.org/10.1007/978-1-4612-3660-3_9}}

@article{HRS1,
	Author = {Haglund, James and Rhoades, Brendon and Shimozono, Mark},
	Date-Modified = {2020-02-19 13:20:02 -0800},
	Doi = {10.1016/j.aim.2018.01.028},
	Fjournal = {Advances in Mathematics},
	Journal = {Adv. Math.},
	Mrclass = {05A18 (05E05 05E10)},
	Mrnumber = {3783430},
	Mrreviewer = {Damir Yeliussizov},
	Pages = {851--915},
	Title = {Ordered set partitions, generalized coinvariant algebras, and the {D}elta {C}onjecture},
	Volume = {329},
	Year = {2018},
	Bdsk-Url-1 = {https://doi.org/10.1016/j.aim.2018.01.028}}

@article{HRS2,
	Adsnote = {Provided by the SAO/NASA Astrophysics Data System},
	Adsurl = {https://ui.adsabs.harvard.edu/\#abs/2018arXiv180108017H},
	Archiveprefix = {arXiv},
	Author = {{Haglund}, James and {Rhoades}, Brendon and {Shimozono}, Mark},
	Date-Modified = {2019-10-06 17:46:21 -0700},
	Eid = {arXiv:1801.08017},
	Eprint = {1801.08017},
	Journal = {arXiv:1801.08017},
	Month = {Jan},
	Pages = {arXiv:1801.08017},
	Primaryclass = {math.CO},
	Title = {{Hall-Littlewood expansions of Schur delta operators at \$t = 0\$}},
	Year = {2018}}

@article{Garsia-Procesi,
	Author = {Garsia, A. M. and Procesi, C.},
	Doi = {10.1016/0001-8708(92)90034-I},
	Fjournal = {Advances in Mathematics},
	Journal = {Adv. Math.},
	Mrclass = {20C30 (05E10 05E35)},
	Mrnumber = {1168926},
	Mrreviewer = {Leonid Krop},
	Number = {1},
	Pages = {82--138},
	Title = {On certain graded {$S_n$}-modules and the {$q$}-{K}ostka polynomials},
	Volume = {94},
	Year = {1992},
	Bdsk-Url-1 = {https://doi.org/10.1016/0001-8708(92)90034-I}}

@article{Tanisaki,
	Author = {Tanisaki, Toshiyuki},
	Doi = {10.2748/tmj/1178229158},
	Fjournal = {The T\^{o}hoku Mathematical Journal. Second Series},
	Journal = {T\^{o}hoku Math. J. (2)},
	Mrclass = {14L30 (14M15 20G05)},
	Mrnumber = {685425},
	Mrreviewer = {Klaus Pommerening},
	Number = {4},
	Pages = {575--585},
	Title = {Defining ideals of the closures of the conjugacy classes and representations of the {W}eyl groups},
	Volume = {34},
	Year = {1982},
	Bdsk-Url-1 = {https://doi.org/10.2748/tmj/1178229158}}

@article{dCP,
	Author = {De Concini, Corrado and Procesi, Claudio},
	Doi = {10.1007/BF01389168},
	Fjournal = {Inventiones Mathematicae},
	Journal = {Invent. Math.},
	Mrclass = {14M15 (14L30 20C30)},
	Mrnumber = {629470},
	Mrreviewer = {V. L. Popov},
	Number = {2},
	Pages = {203--219},
	Title = {Symmetric functions, conjugacy classes and the flag variety},
	Volume = {64},
	Year = {1981},
	Bdsk-Url-1 = {https://doi.org/10.1007/BF01389168}}

@article{ConveyorBelts,
	Adsnote = {Provided by the SAO/NASA Astrophysics Data System},
	Adsurl = {https://ui.adsabs.harvard.edu/abs/2019arXiv190807668B},
	Archiveprefix = {arXiv},
	Author = {{Baird}, Molly and {Billey}, Sara C. and {Demaine}, Erik D. and {Demaine}, Martin L. and {Eppstein}, David and {Fekete}, S{\'a}ndor and {Gordon}, Graham and {Griffin}, Sean and {Mitchell}, Joseph S.~B. and {Swanson}, Joshua P.},
	Date-Modified = {2019-10-06 17:46:07 -0700},
	Eid = {arXiv:1908.07668},
	Eprint = {1908.07668},
	Journal = {arXiv:1908.07668},
	Month = {Aug},
	Primaryclass = {cs.CG},
	Title = {{Existence and hardness of conveyor belts}},
	Year = {2019}}

@misc{DM,
    AUTHOR = {D'Adderio, M. and Mellit, A.}, 
    EPRINT = {2011.11467}, 
    EPRINTTYPE = {arxiv}, 
    Howpublished = {arXiv:2011.11467},
    TITLE = {A proof of the compositional {D}elta conjecture}, 
    YEAR = {2020}}


@misc{BHMPS,
    AUTHOR = {Blasiak, J. and Haiman, M. and Morse, J. and Pun, A. and Seelinger, G.H.}, 
    EPRINT = {2102.08815}, 
    EPRINTTYPE = {arxiv}, 
    Howpublished = {arXiv:2102.08815},
    TITLE = {A proof of the {E}xtended {D}elta {C}onjecture}, 
    YEAR = {2021}}


